@BOOK{Bire82,
   author       = {N. D. Birell and P. C. W. Davies},
   year         = 1982,
   title        = {Quantum Fields in Curved Space},
   publisher    = {Cambridge University Press}
}

@ARTICLE{feyn54,
   author       = "R. P. Feynman",
   year         = "1954",
   journal      = "Phys.\ Rev.",
   volume       = "94",
   pages        = "262",
}

@ARTICLE{epr,
   author       = "A. Einstein and {\relax Yu} Podolsky and N. Rosen", 
   year         = "1935", 
   journal      = "Phys.\ Rev.", 
   volume       = "47", 
   pages        = "777",
}

@ARTICLE{Berman1983,
   author       = "Berman, Jr., G. P. and Izrailev, Jr., F. M.",
   title        = "Stability of nonlinear modes",
   journal      = "Physica D",
   volume       = "88", 
   pages        = "445",
   year         = "1983",
}

@ARTICLE{Davies1998,
   author       = "E. B. Davies and L. Parns", 
   title        = "Trapped modes in acoustic waveguides", 
   journal      = "Q. J. Mech. Appl. Math.", 
   volume       = "51", 
   pages        = "477--492", 
   year         = "1988", 
}

@MISC{witten2001,
   author       = "Edward Witten",
   eprint       = "hep-th/0106109",
   year         = "2001", 
}

@INBOOK{Beutler1994,
   author       = "E. Beutler", 
   editor       = "E. Beutler and M. A. Lichtman and B. W. Coller and T. S. Kipps", 
   title        = "Williams Hematology", 
   chapter      = "7", 
   pages        = "654--662",
   publisher    = "McGraw-Hill", 
   year         = "1994", 

   edition      = "5", 
   address      = "New York", 
   volume       = "2", 
}

@INBOOK{inbook-full,
   author = "Donald E. Knuth",
   title = "Fundamental Algorithms",
   volume = 1,
   series = "The Art of Computer Programming",
   publisher = "Addison-Wesley",
   address = "Reading, Massachusetts",
   edition = "Second",
   month = "10~" # jan,
   year = "1973",
   type = "Section",
   chapter = "1.2",
   pages = "10--119",
   note = "A full INBOOK entry",
}

@ARTICLE{Smith2005,
   author       = "J. S. Smith and G. W. Johnson", 
   journal      = "Philos. Trans. R. Soc. London, Ser. B", 
   title        = "", 
   year         = "2005", 

   volume       = "777", 
   pages        = "1395",
}

@UNPUBLISHED{Smith2010,
   author       = "W. J. Smith and T. J. Johnson and B. G. Miller", 
   title        = "Surface chemistry and preferential crystal orientation on a silicon surface", 
   note         = "{J. Appl. Phys.} (unpublished)", 
   
   month        = "", 
   year         = "",
}

@UNPUBLISHED{Smith2010a,
   author       = "V. K. Smith and K. Johnson and M. O. Klein", 
   title        = "Surface chemistry and preferential crystal orientation on a silicon surface", 
   note         = "{J. Appl. Phys.} (submitted)", 
   
   month        = "", 
   year         = "",
}

@UNPUBLISHED{unpublished-full,
   author = "Ulrich {\"{U}}nderwood and Ned {\~N}et and Paul {\={P}}ot",
   title = "Lower Bounds for Wishful Research Results",
   month = nov # ", " # dec,
   year = 1988,
   note = "Talk at Fanstord University (A full UNPUBLISHED entry)",
}

@MISC{JohnsonMillerSmith2007, 

   author       = "M. P. Johnson and K. L. Miller and K. Smith", 
   title        = "", 
   howpublished = "personal communication", 
   month        = "1~" # may, 
   year         = "2007", 
   note         = "",
}

@PROCEEDINGS{Smith2007, 
   title        = "AIP Conf. Proc.", 
   year         = "2007", 
   
   editor       = "J. Smith", 
   volume       = "841", 
   number       = "21", 
   series       = "", 
   address      = "", 
   month        = "", 
   organization = "", 
   publisher    = "", 
   note         = "", 
}

@PROCEEDINGS{proceedings-full,
   editor = "Wizard V. Oz and Mihalis Yannakakis",
   title = "Proc. Fifteenth Annual",
   number = 17,
   series = "All ACM Conferences",
   month = mar,
   year = 1983,
   address = "Boston",
   organization = "ACM",
   publisher = "Academic Press",
   note = "A full PROCEEDINGS entry",
}

@UNPUBLISHED{Burstyn2004,
   author       = "Y. Burstyn", 
   title        = "{Proceedings of the 5th International Molecular Beam Epitaxy Conference, Santa Fe, NM}", 
   note         = "(unpublished)", 
   
   month        = "5--8~" # oct, 
   year         = "2004",
}

@PROCEEDINGS{Quinn2001, 
   title        = "{Proceedings of the 2003 Particle  Accelerator Conference, Portland, OR, 12-16 May 2005}", 
   year         = "2001", 
   
   editor       = "B. Quinn", 
   address      = "New York", 
   publisher    = "Wiley", 
   note         = "Albeit the conference was held in 2005, it was the 2003 conference, and  the proceedings were published in 2001; go figure", 
}

@ARTICLE{Agarwal2001,
   author       = "A. G. Agarwal", 
   title        = "{Proceedings of the Fifth Low Temperature Conference, Madison, WI, 1999}", 
   journal      = "Semiconductors", 
   year         = "2001", 

   volume       = "66", 
   pages        = "1238", 
}

@ARTICLE{SmithDA01,
   author       = "R. Smith",
   title        = "Hummingbirds are our friends",
   journal      = {J. Appl. Phys. (these proceedings)},
   year         = "",
   volume       = "",
   number       = "",
   pages        = "",
   month        = "",
   note         = "Abstract No. DA-01",
}

@ARTICLE{Smith2007a, 
   author       = "J. Smith", 
   title        = "", 
   journal      = "Proc. SPIE", 
   year         = "2007", 

   volume       = "124", 
   pages        = "367", 
   note         = "Required title is missing", 
}

@TECHREPORT{techreport-full,
   author = "Tom T{\'{e}}rrific",
   title = "An {$O(n \log n / \! \log\log n)$} Sorting Algorithm",
   institution = "Fanstord University",
   type = "Wishful Research Result",
   number = "7",
   address = "Computer Science Department, Fanstord, California",
   month = oct,
   year = 1988,
   note = "A full TECHREPORT entry",
}

@TECHREPORT{Nelson1999, 
   author       = "J. Nelson", 
   type         = "{TWI Report}", 
   number       = "666/1999",
   institution  = "", 
   year         = jan # "~1999", 
   
   note         = "Required institution missing", 
}

@TECHREPORT{Fields2005, 
   author       = "W. K. Fields", 
   type         = "{ECE Report No.}", 
   number       = "AL944",
   institution  = "", 
   year         = "2005", 
   
   note         = "Required institution missing", 
}

@MISC{Zalkins2008, 

   author       = "Y. M. Zalkins", 
   title        = "", 
   howpublished = "e-print arXiv:cond-mat/040426", 
   month        = "", 
   year         = "2008", 
   note         = "",
}

@MISC{Nelson2005, 

   author       = "J. Nelson", 
   howpublished = "{U.S. Patent No.} 5,693,000", 
   year         = "12~" # dec # "~2005", 
}

@MASTERSTHESIS{Nelson1999a,
   author       = "J. K. Nelson", 
   title        = "", 
   school       = "New York University", 
   year         = "1999", 
   
   type         = "M.{S}. thesis", 
   address      = "", 
   month        = "", 
   note         = "", 
}

@MASTERSTHESIS{mastersthesis-full,
   author = "{\'{E}}douard Masterly",
   title = "Mastering Thesis Writing",
   school = "Stanford University",
   type = "Master's project",
   address = "English Department",
   month = jun # "-" # aug,
   year = 1988,
   note = "A full MASTERSTHESIS entry",
}

@PHDTHESIS{Smith2003,
   author       = "S. M. Smith", 
   title        = "", 
   school       = "Massachusetts Institute of  Technology", 
   year         = "2003", 
   
   type         = "{Ph.D.} thesis", 
   address      = "", 
   month        = "", 
   note         = "", 
}

@ARTICLE{KawaLin2003,
   author       = "S. R. Kawa and S.-J. Lin", 
   title        = "", 
   journal      = "J. Geophys. Res.", 
   year         = "2003", 

   volume       = "108", 
   number       = "D6", 
   pages        = "4201", 
   month        = "", 
   note         = "{DOI:10.1029/2002JD002268}", 
}

@PHDTHESIS{phdthesis-full,
   author = "F. Phidias Phony-Baloney",
   title = "Fighting Fire with Fire: Festooning {F}rench Phrases",
   school = "Fanstord University",
   type = "{PhD} Dissertation",
   address = "Department of French",
   month = jun # "-" # aug,
   year = 1988,
   note = "A full PHDTHESIS entry",
}

@BOOK{book-full,
   author = "Donald E. Knuth",
   title = "Seminumerical Algorithms",
   volume = 2,
   series = "The Art of Computer Programming",
   publisher = "Addison-Wesley",
   address = "Reading, Massachusetts",
   edition = "Second",
   month = "10~" # jan,
   year = "1981",
   note = "A full BOOK entry",
}

@BOOKLET{booklet-full,
   author = "Jill C. Knvth",
   title = "The Programming of Computer Art",
   howpublished = "Vernier Art Center",
   address = "Stanford, California",
   month = feb,
   year = 1988,
   note = "A full BOOKLET entry",
}

@INBOOK{ballagh2000,
   author    = "R. Ballagh and C.M. Savage",
   editor    = "C.M. Savage and M. Das",
   title     = "Bose-Einstein condensation: from atomic physics to quantum fluids, Proceedings of the 13th Physics Summer School",
   year      = "2000",
   publisher = "World Scientific",
   address   = "Singapore",
   eprint    = "cond-mat/0008070",
}

@inBook{Magnetism,
   author    = "W. Opechowski and R. Guccione",
   title     = "Introduction to the Theory of Normal Metals",
   volume    = "IIa",
   pages     = "105",
   editor    = "G. T. Rado and H. Suhl",
   booktitle = "Magnetism",
   publisher = "Academic Press",
   address   = "New York",
}
   year      = "1965",

@INPROCEEDINGS{Magnetismb,
   author    = "W. Opechowski and R. Guccione",
   title     = "Introduction to the Theory of Normal Metals",
   editor    = "G. T. Rado and H. Suhl",
   booktitle = "Magnetism",
   volume    = "IIa",
   pages     = "105",
   publisher = "Academic Press",
   address   = "New York",
   year      = "1965",
}

@INBOOK{Smith80,
   author    = "J. M. Smith",
   title     = "Molecular Dynamics",
   publisher = "Academic",
   year      = "1980",
   address   = "New York",
   editor    = "C. Brown",
}

@article{ZS71,
   author       = "V. E. Zakharov and A. B. Shabat",
   year         = "1971",
   title        = "Exact theory of two-dimensional self-focusing and one-dimensional self-modulation of waves in nonlinear media",
   journal      = "Zh. Eksp. Teor. Fiz.",
   volume       = "61",
   pages        = "118--134",
   translation  = "Sov. Phys. JETP \textbf{34}, 62 (1972)"
}

@INCOLLECTION{Beutler1994a,
   author       = "E. Beutler", 
   year         = "1994", 
   booktitle    = "Williams Hematology", 
   edition      = "5", 
   chapter      = "7", 
   editor       = "E. Beutler and M. A. Lichtman and B. W. Coller and T. S. Kipps", 
   publisher    = "McGraw-Hill", 
   address      = "New York", 
   volume       = "2", 
   pages        = "654--662",
}

@INCOLLECTION{ballagh2000a,
   author       = "R. Ballagh and C.M. Savage",
   year         = "2000",
   title        = "Bose-Einstein condensation: from atomic physics to quantum fluids",
   booktitle    = "Proceedings of the 13th Physics Summer School",
   editor       = "C.M. Savage and M. Das",
   publisher    = "World Scientific",
   address      = "Singapore",
   eprint       = "cond-mat/0008070",
}

@INCOLLECTION{Magnetisma,
   author       = "W. Opechowski and R. Guccione",
   year         = "1965",
   title        = "Introduction to the Theory of Normal Metals",
   booktitle    = "Magnetism",
   editor       = "G. T. Rado and H. Suhl",
   publisher    = "Academic Press",
   address      = "New York",
   volume       = "IIa",
   pages        = "105",
}

@INCOLLECTION{Smith80a,
   author       = "J. M. Smith",
   year         = "1980",
   booktitle    = "Molecular Dynamics",
   editor       = "C. Brown",
   publisher    = "Academic",
   address      = "New York",
}

@INCOLLECTION{incollection-full,
   key          = "incol-ful",
   author       = "Daniel D. Lincoll",
   year         = 1977,
   title        = "Semigroups of Recurrences",
   booktitle    = "High Speed Computer and Algorithm Organization",
   edition      = "Third",
   series       = "Fast Computers",
   number       = 23,
   chapter      = 3,
   type         = "Part",
   editor       = "David J. Lipcoll and D. H. Lawrie and A. H. Sameh",
   publisher    = "Academic Press",
   address      = "New York",
   month        = sep,
   pages        = "179--183",
   note         = "A full INCOLLECTION entry",
}

@INPROCEEDINGS{inproceedings-full,
   author = "Alfred V. Oaho and Jeffrey D. Ullman and Mihalis Yannakakis",
   title = "On Notions of Information Transfer in {VLSI} Circuits",
   editor = "Wizard V. Oz and Mihalis Yannakakis",
   booktitle = "Proc. Fifteenth Annual ACM",
   number = 17,
   series = "All ACM Conferences",
   pages = "133--139",
   month = mar,
   year = 1983,
   address = "Boston",
   organization = "ACM",
   publisher = "Academic Press",
   note = "A full INPROCEDINGS entry",
}

@MANUAL{manual-full,
   author = "Larry Manmaker",
   title = "The Definitive Computer Manual",
   organization = "Chips-R-Us",
   address = "Silicon Valley",
   edition = "Silver",
   month = apr # "-" # may,
   year = 1986,
   note = "A full MANUAL entry",
}

@article{Morrison2014,
    title = {{A photoinduced metal-like phase of monoclinic VO2 revealed by ultrafast electron diffraction}},
    year = {2014},
    journal = {Science},
    author = {Morrison, Vance R and Chatelain, Robert. P and Tiwari, Kunal L and Hendaoui, Ali and Bruh{\'{a}}cs, Andrew and Chaker, Mohamed and Siwick, Bradley J},
    number = {6208},
    pages = {445--448},
    volume = {346},
    doi = {10.1126/science.1253779}
}

@article{Ron2019,
    title = {{Dimensional crossover in a layered ferromagnet detected by spin correlation driven distortions}},
    year = {2019},
    journal = {Nature Communications},
    author = {Ron, A. and Zoghlin, E. and Balents, L. and Wilson, S. D. and Hsieh, D.},
    number = {1},
    pages = {3--8},
    volume = {10},
    publisher = {Springer US},
    url = {http://dx.doi.org/10.1038/s41467-019-09663-3},
    doi = {10.1038/s41467-019-09663-3},
    issn = {20411723}
}

@incollection{Torchinsky2017,
    title = {{Rotational Anisotropy Nonlinear Harmonic Generation}},
    year = {2017},
    booktitle = {Magnetic Characterization Techniques for Nanomaterials},
    author = {Torchinsky, Darius H. and Hsieh, David},
    pages = {1--566},
    isbn = {9783662527801},
    doi = {10.1007/978-3-662-52780-1}
}

@article{Powell2002,
    title = {{Simplified bond-hyperpolarizability model of second harmonic generation}},
    year = {2002},
    journal = {Physical Review B - Condensed Matter and Materials Physics},
    author = {Powell, G. D. and Wang, J. F. and Aspnes, D. E.},
    number = {20},
    pages = {1--8},
    volume = {65},
    doi = {10.1103/PhysRevB.65.205320},
    issn = {1550235X}
}

@book{Powell2010,
    title = {{Symmetry, Group Theory, and the Physical Properties of Crystals}},
    year = {2010},
    author = {Powell, Richard C},
    number = {1},
    pages = {26--26},
    volume = {25},
    publisher = {Springer},
    isbn = {9781441975973},
    doi = {10.1088/0031-9112/25/1/033},
    issn = {0031-9112}
}

@article{Torchinsky2014ASymmetries,
    title = {{A low temperature nonlinear optical rotational anisotropy spectrometer for the determination of crystallographic and electronic symmetries}},
    year = {2014},
    journal = {Review of Scientific Instruments},
    author = {Torchinsky, Darius H. and Chu, Hao and Qi, Tongfei and Cao, Gang and Hsieh, David},
    number = {8},
    volume = {85},
    url = {http://dx.doi.org/10.1063/1.4891417},
    doi = {10.1063/1.4891417},
    issn = {10897623}
}

@article{Shukla2015ATransition,
    title = {{A steep-slope transistor based on abrupt electronic phase transition}},
    year = {2015},
    journal = {Nature Communications},
    author = {Shukla, Nikhil and Thathachary, Arun V. and Agrawal, Ashish and Paik, Hanjong and Aziz, Ahmedullah and Schlom, Darrell G. and Gupta, Sumeet Kumar and Engel-Herbert, Roman and Datta, Suman},
    pages = {2--7},
    volume = {6},
    publisher = {Nature Publishing Group},
    doi = {10.1038/ncomms8812},
    issn = {20411723}
}

@article{Lv2019Angle-resolvedMaterials,
    title = {{Angle-resolved photoemission spectroscopy and its application to topological materials}},
    year = {2019},
    journal = {Nature Reviews Physics},
    author = {Lv, Baiqing and Qian, Tian and Ding, Hong},
    number = {10},
    pages = {609--626},
    volume = {1},
    publisher = {Springer US},
    url = {http://dx.doi.org/10.1038/s42254-019-0088-5},
    doi = {10.1038/s42254-019-0088-5},
    issn = {25225820}
}

@article{Argibay2010AsymmetricEnvironment,
    title = {{Asymmetric wear behavior of self-mated copper fiber brush and slip-ring sliding electrical contacts in a humid carbon dioxide environment}},
    year = {2010},
    journal = {Wear},
    author = {Argibay, N. and Bares, J. A. and Sawyer, W. G.},
    number = {3-4},
    month = {2},
    pages = {455--463},
    volume = {268},
    publisher = {Elsevier},
    doi = {10.1016/J.WEAR.2009.08.036},
    issn = {0043-1648},
    keywords = {Copper, Electrical contacts, Humid carbon dioxide, Metal fiber brush, Surface roughness}
}

@article{Fichera2020Bfichera/shgpy:Release,
    title = {{bfichera/shgpy: Initial release}},
    year = {2020},
    author = {Fichera, Bryan},
    month = {6},
    url = {https://doi.org/10.5281/zenodo.3873755#.YdMt46laqfI.mendeley},
    doi = {10.5281/ZENODO.3873755}
}

@article{Yi2018BiologicalNeurons,
    title = {{Biological plausibility and stochasticity in scalable VO 2 active memristor neurons}},
    year = {2018},
    journal = {Nature Communications},
    author = {Yi, Wei and Tsang, Kenneth K. and Lam, Stephen K. and Bai, Xiwei and Crowell, Jack A. and Flores, Elias A.},
    number = {1},
    volume = {9},
    publisher = {Springer US},
    url = {http://dx.doi.org/10.1038/s41467-018-07052-w},
    doi = {10.1038/s41467-018-07052-w},
    issn = {20411723},
    pmid = {30405124},
    arxivId = {1809.07867}
}

@article{Shan2021GiantEngineering,
    title = {{Giant modulation of optical nonlinearity by Floquet engineering}},
    year = {2021},
    journal = {Nature},
    author = {Shan, Jun-Yi and Ye, M and Chu, H and Lee, Sungmin and Park, Je-Geun and Balents, L and Hsieh, D},
    number = {7888},
    pages = {235--239},
    volume = {600},
    url = {https://doi.org/10.1038/s41586-021-04051-8},
    doi = {10.1038/s41586-021-04051-8},
    issn = {1476-4687}
}

@article{Li2022High-pressureTaAs,
    title = {{High-pressure control of optical nonlinearity in the polar Weyl semimetal TaAs}},
    year = {2022},
    journal = {Physical Review B},
    author = {Li, Chen and Li, Xiang and Deshpande, T. and Li, Xinwei and Nair, N. and Analytis, J. G. and Silevitch, D. M. and Rosenbaum, T. F. and Hsieh, D.},
    number = {1},
    pages = {1--5},
    volume = {106},
    publisher = {American Physical Society},
    doi = {10.1103/PhysRevB.106.014101},
    issn = {24699969},
    arxivId = {2207.09888},
    keywords = {doi:10.1103/PhysRevB.106.014101 url:https://doi.or}
}

@article{Wu2019LayeredSheets,
    title = {{Layered semiconductor EuTe4 with charge density wave order in square tellurium sheets}},
    year = {2019},
    journal = {Physical Review Materials},
    author = {Wu, D. and Liu, Q. M. and Chen, S. L. and Zhong, G. Y. and Su, J. and Shi, L. Y. and Tong, L. and Xu, G. and Gao, P. and Wang, N. L.},
    number = {2},
    pages = {1--7},
    volume = {3},
    doi = {10.1103/PhysRevMaterials.3.024002},
    issn = {24759953},
    arxivId = {1901.06061}
}

@article{Kogar2020Light-inducedLaTe3,
    title = {{Light-induced charge density wave in LaTe3}},
    year = {2020},
    journal = {Nature Physics},
    author = {Kogar, Anshul and Zong, Alfred and Dolgirev, Pavel E. and Shen, Xiaozhe and Straquadine, Joshua and Bie, Ya Qing and Wang, Xirui and Rohwer, Timm and Tung, I. Cheng and Yang, Yafang and Li, Renkai and Yang, Jie and Weathersby, Stephen and Park, Suji and Kozina, Michael E. and Sie, Edbert J. and Wen, Haidan and Jarillo-Herrero, Pablo and Fisher, Ian R. and Wang, Xijie and Gedik, Nuh},
    number = {2},
    pages = {159--163},
    volume = {16},
    publisher = {Springer US},
    url = {http://dx.doi.org/10.1038/s41567-019-0705-3},
    doi = {10.1038/s41567-019-0705-3},
    issn = {17452481},
    arxivId = {1904.07472}
}

@article{Fichera2023Light-inducedSemiconductor,
    title = {{Light-induced reorientation transition in an antiferromagnetic semiconductor}},
    year = {2023},
    journal = {*in prep.},
    author = {Fichera, Bryan T and Lv, Baiqing and Morey, Karna and Shen, Zongqi and Lee, Changmin and Liebman-pel, Alex and Kogar, Anshul and Kurumaji, Takashi and Humberto, Rodrigo and Arruabarrena, Mikel and Ilyas, Batyr and Luo, Tianchuang and Peter, M and Checkelsky, Joseph G. and Orenstein, Joseph and Gedik, Nuh}
}

@article{Gibson2015MagneticSemiconductor,
    title = {{Magnetic and electronic properties of CaMn2Bi2: A possible hybridization gap semiconductor}},
    year = {2015},
    journal = {Physical Review B - Condensed Matter and Materials Physics},
    author = {Gibson, Q. D. and Wu, H. and Liang, T. and Ali, M. N. and Ong, N. P. and Huang, Q. and Cava, R. J.},
    number = {8},
    pages = {1--8},
    volume = {91},
    doi = {10.1103/PhysRevB.91.085128},
    issn = {1550235X}
}

@article{Driscoll2009MemoryMetamaterials,
    title = {{Memory metamaterials}},
    year = {2009},
    journal = {Science},
    author = {Driscoll, T. and Kim, Hyun Tak and Chae, Byung Gyu and Kim, Bong Jun and Lee, Yong Wook and Jokerst, N. Marie and Palit, S. and Smith, D. R. and Di Ventra, M. and Basov, D. N.},
    number = {5947},
    pages = {1518--1521},
    volume = {325},
    doi = {10.1126/science.1176580},
    issn = {00368075}
}

@article{Zhang2019Nano-ResolvedCa2RuO4,
    title = {{Nano-Resolved Current-Induced Insulator-Metal Transition in the Mott Insulator Ca2RuO4}},
    year = {2019},
    journal = {Physical Review X},
    author = {Zhang, Jiawei and McLeod, Alexander S. and Han, Qiang and Chen, Xinzhong and Bechtel, Hans A. and Yao, Ziheng and Gilbert Corder, S. N. and Ciavatti, Thomas and Tao, Tiger H. and Aronson, Meigan and Carr, G. L. and Martin, Michael C. and Sow, Chanchal and Yonezawa, Shingo and Nakamura, Fumihiko and Terasaki, Ichiro and Basov, D. N. and Millis, Andrew J. and Maeno, Yoshiteru and Liu, Mengkun},
    number = {1},
    pages = {11032},
    volume = {9},
    publisher = {American Physical Society},
    url = {https://doi.org/10.1103/PhysRevX.9.011032},
    doi = {10.1103/PhysRevX.9.011032},
    issn = {21603308},
    keywords = {doi:10.1103/PhysRevX.9.011032 url:https://doi.org/, strongly correlated materials}
}

@article{Jha2022NanoscaleEnvironment,
    title = {{Nanoscale axial position and orientation measurement of hexagonal boron nitride quantum emitters using a tunable nanophotonic environment}},
    year = {2022},
    journal = {Nanotechnology},
    author = {Jha, Pankaj K and Akbari, Hamidreza and Kim, Yonghwi and Biswas, Souvik and Atwater, Harry A},
    number = {1},
    pages = {015001},
    volume = {33},
    publisher = {IOP Publishing},
    doi = {10.1088/1361-6528/ac2b71},
    issn = {0957-4484},
    arxivId = {2007.07811}
}

@article{Hsieh2011NonlinearInsulator,
    title = {{Nonlinear optical probe of tunable surface electrons on a topological insulator}},
    year = {2011},
    journal = {Physical Review Letters},
    author = {Hsieh, D. and McIver, J. W. and Torchinsky, D. H. and Gardner, D. R. and Lee, Y. S. and Gedik, N.},
    number = {5},
    pages = {2--5},
    volume = {106},
    doi = {10.1103/PhysRevLett.106.057401},
    issn = {00319007},
    arxivId = {1101.1541}
}

@article{Petersen2006Nonlinear7,
    title = {{Nonlinear optical signatures of the tensor order in Cd 2 Re 2 O 7}},
    year = {2006},
    journal = {Nature Physics},
    author = {Petersen, Jesse C. and Caswell, Michael D. and Dodge, J. Steven and Sergienko, Ivan A. and He, Jian and Jin, Rongying and Mandrus, David},
    number = {9},
    pages = {605--608},
    volume = {2},
    doi = {10.1038/nphys392},
    issn = {17452481}
}

@book{Boyd1992NonlinearOptics,
    title = {{Nonlinear Optics}},
    year = {1992},
    author = {Boyd, Robert},
    edition = {2nd},
    publisher = {El Sevier}
}

@article{Ducuing1963ObservationCrystals,
    title = {{Observation of Reflected Light Harmonics at the Boundary of Piezoelectric Crystals}},
    year = {1963},
    journal = {Physical Review Letters},
    author = {Ducuing, J. and Bloembergen, N.},
    number = {11},
    month = {6},
    pages = {474--476},
    volume = {10},
    publisher = {American Physical Society},
    url = {https://link.aps.org/doi/10.1103/PhysRevLett.10.474},
    doi = {10.1103/PhysRevLett.10.474},
    issn = {0031-9007}
}

@article{vonHoegen2019ParametricallyYBa_2Cu_3O_6+x,
    title = {{Parametrically amplified phase-incoherent superconductivity in YBa{\$}{\_}2{\$}Cu{\$}{\_}3{\$}O{\$}{\_}{\{}6+x{\}}{\$}}},
    year = {2019},
    author = {von Hoegen, A. and Fechner, M. and F{\"{o}}rst, M. and Taherian, N. and Rowe, E. and Ribak, A. and Porras, J. and Keimer, B. and Michael, M. and Demler, E. and Cavalleri, A.},
    month = {11},
    url = {http://arxiv.org/abs/1911.08284},
    arxivId = {1911.08284}
}

@article{vonHoegen2018ProbingPhononics,
    title = {{Probing the interatomic potential of solids with strong-field nonlinear phononics}},
    year = {2018},
    author = {von Hoegen, A and Mankowsky, R and Fechner, M and Forst, M and Cavalleri, A},
    doi = {10.1038/nature25484}
}

@article{Als-Nielsen1995RecentPhysics,
    title = {{Recent Applications of X Rays in Condensed Matter Physics}},
    year = {1995},
    journal = {Physics Today},
    author = {Als-Nielsen, Jens and Materlik, Gerhard},
    number = {11},
    pages = {34--40},
    volume = {48},
    doi = {10.1063/1.881457},
    issn = {19450699}
}

@article{Fichera2020SecondSymmetry,
    title = {{Second harmonic generation as a probe of broken mirror symmetry}},
    year = {2020},
    journal = {Physical Review B},
    author = {Fichera, Bryan T. and Kogar, Anshul and Ye, Linda and G{\"{o}}kce, Bilal and Zong, Alfred and Checkelsky, Joseph G. and Gedik, Nuh},
    number = {24},
    pages = {241106},
    volume = {101},
    publisher = {American Physical Society},
    url = {https://doi.org/10.1103/PhysRevB.101.241106},
    doi = {10.1103/PhysRevB.101.241106},
    issn = {24699969},
    arxivId = {1909.12850},
    keywords = {doi:10.1103/PhysRevB.101.241106 url:https://doi.or}
}

@article{Hsieh2011SelectiveInsulator,
    title = {{Selective Probing of Photoinduced Charge and Spin Dynamics in the Bulk and Surface of a Topological Insulator}},
    year = {2011},
    journal = {Physical Review Letters},
    author = {Hsieh, D. and Mahmood, F. and McIver, J. W. and Gardner, D. R. and Lee, Y. S. and Gedik, N.},
    number = {7},
    month = {8},
    pages = {077401},
    volume = {107},
    publisher = {American Physical Society},
    url = {https://link.aps.org/doi/10.1103/PhysRevLett.107.077401},
    doi = {10.1103/PhysRevLett.107.077401},
    issn = {0031-9007}
}

@article{Lee2018SostructuralVO_2,
    title = {{sostructural metal-insulator transition in VO{\$}{\_}2{\$}}},
    year = {2018},
    journal = {Science},
    author = {Lee, D. and Chung, B. and Shi, Y. and Kim, G-y Y. and Campbell, N. and Xue, F. and Song, K. and Choi, S-y Y. and Podkaminer, J. P. and Kim, T. H. and Ryan, P. J. and Kim, J-w W. and Paudel, T. R. and Kang, J-h H. and Spinuzzi, J. W. and Tenne, D. A. and Tsymbal, E. Y. and Rzchowski, M. S. and Chen, L. Q. and Lee, J. and Eom, C. B.},
    number = {6418},
    pages = {1037--1040},
    volume = {362},
    url = {http://science.sciencemag.org/},
    issn = {10959203}
}

@article{delValle2019SubthresholdNanodevices,
    title = {{Subthreshold firing in Mott nanodevices}},
    year = {2019},
    journal = {Nature},
    author = {del Valle, Javier and Salev, Pavel and Tesler, Federico and Vargas, Nicolás M. and Kalcheim, Yoav and Wang, Paul and Trastoy, Juan and Lee, Min Han and Kassabian, George and Ram{\'{i}}rez, Juan Gabriel and Rozenberg, Marcelo J. and Schuller, Ivan K.},
    number = {7756},
    pages = {388--392},
    volume = {569},
    publisher = {Springer US},
    url = {http://dx.doi.org/10.1038/s41586-019-1159-6},
    doi = {10.1038/s41586-019-1159-6},
    issn = {14764687},
    pmid = {31043748}
}

@book{Birss1966SymmetryMagnetism,
    title = {{Symmetry and magnetism}},
    year = {1966},
    author = {Birss, Robert R.},
    edition = {2nd ed},
    publisher = {North-Holland Pub. Co., Amsterdam}
}

@book{Horowitz1989TheElectronics,
    title = {{The Art of Electronics}},
    year = {1989},
    author = {Horowitz, Paul and Hill, Winfield},
    edition = {3},
    publisher = {Cambridge University Press}
}

@article{Basov2017TowardsMaterials,
    title = {{Towards properties on demand in quantum materials}},
    year = {2017},
    journal = {Nature Materials},
    author = {Basov, D. N. and Averitt, R. D. and Hsieh, D.},
    number = {11},
    pages = {1077--1088},
    volume = {16},
    publisher = {Nature Publishing Group},
    doi = {10.1038/NMAT5017},
    issn = {14764660},
    pmid = {29066824}
}

@article{Duong2004UltrafastNiO,
    title = {{Ultrafast Manipulation of Antiferromagnetism of NiO}},
    year = {2004},
    journal = {Physical Review Letters},
    author = {Duong, N. P. and Satoh, T. and Fiebig, M.},
    number = {11},
    month = {9},
    pages = {117402},
    volume = {93},
    publisher = {American Physical Society},
    url = {https://link.aps.org/doi/10.1103/PhysRevLett.93.117402},
    doi = {10.1103/PhysRevLett.93.117402},
    issn = {0031-9007}
}

@article{Zong2018UltrafastWave,
    title = {{Ultrafast manipulation of mirror domain walls in a charge density wave}},
    year = {2018},
    journal = {Science Advances},
    author = {Zong, Alfred and Shen, Xiaozhe and Kogar, Anshul and Ye, Linda and Marks, Carolyn and Chowdhury, Debanjan and Rohwer, Timm and Freelon, Byron and Weathersby, Stephen and Li, Renkai and Yang, Jie and Checkelsky, Joseph and Wang, Xijie and Gedik, Nuh},
    number = {10},
    pages = {1--7},
    volume = {4},
    doi = {10.1126/sciadv.aau5501},
    issn = {23752548},
    pmid = {30345365}
}

@article{Satoh2007UltrafastO3,
    title = {{Ultrafast spin and lattice dynamics in antiferromagnetic Cr2 O3}},
    year = {2007},
    journal = {Physical Review B - Condensed Matter and Materials Physics},
    author = {Satoh, Takuya and Van Aken, Bas B. and Duong, Nguyen Phuc and Lottermoser, Thomas and Fiebig, Manfred},
    number = {15},
    pages = {1--6},
    volume = {75},
    doi = {10.1103/PhysRevB.75.155406},
    issn = {10980121}
}

@article{Lv2021UnconventionalWave,
    title = {{Unconventional hysteretic transition in a charge density wave}},
    year = {2021},
    author = {Lv, B. Q. and Zong, Alfred and Wu, D. and Rozhkov, A. V. and Fine, Boris V. and Chen, Su-Di and Hashimoto, Makoto and Lu, Dong-Hui and Li, M. and Huang, Y. -B. and Ruff, Jacob P. C. and Walko, Donald A. and Chen, Z. H. and Hwang, Inhui and Su, Yifan and Shen, Xiaozhe and Wang, Xirui and Han, Fei and Po, Hoi Chun and Wang, Yao and Jarillo-Herrero, Pablo and Wang, Xijie and Zhou, Hua and Sun, Cheng-Jun and Wen, Haidan and Shen, Zhi-Xun and Wang, N. L. and Gedik, Nuh},
    pages = {1--6},
    volume = {1},
    url = {http://arxiv.org/abs/2106.09774},
    arxivId = {2106.09774}
}

@article{Sood2021UniversalDiffraction,
    title = {{Universal phase dynamics in VO2 switches revealed by ultrafast operando diffraction}},
    year = {2021},
    journal = {Science},
    author = {Sood, Aditya and Shen, Xiaozhe and Shi, Yin and Kumar, Suhas and Park, Su Ji and Zajac, Marc and Sun, Yifei and Chen, Long Qing and Ramanathan, Shriram and Wang, Xijie and Chueh, William C. and Lindenberg, Aaron M.},
    number = {6552},
    pages = {352--355},
    volume = {373},
    doi = {10.1126/science.abc0652},
    issn = {10959203},
    pmid = {34437156},
    arxivId = {2102.06013}
}
