@book{neumann_vorlesungen_1885,
    title={Vorlesungen über die Theorie der Elasticität der festen Körper und des Lichtäthers, gehalten an der Universität Königsberg},
    author={Franz Neumann},
    author={Oskar Emil Meyer},
    publisher={Leipzig, B. G. Teubner},
    year={1885},
}
@misc{wiki:spacegroups,
   author="{Wikipedia contributors}",
   title="List of space groups --- {W}ikipedia{,} The Free Encyclopedia",
   year="2024",
   url="https://en.wikipedia.org/wiki/List_of_space_groups",
   note="[Online; accessed 06-March-2024]"
 }
@article{curie_sur_1894,
    author={Pierre Curie},
    title={Sur la symétrie dans les phénomènes physiques, symétrie d'un champ électrique et d'un champ magnétiqueu},
    journal={J. Phys. Theor. Appl.},
    year={1894},
    volume=3,
    number=1,
    pages={393-415}
}
@book{powell,
    title={Symmetry, Group Theory, and the Physical Properties of Crystals},
    author={Richard C. Powell},
    publisher={Springer New York, NY},
    year={2010}
}
@book{boyd,
    author    = "Robert Boyd",
    title     = "Nonlinear Optics",
    publisher = "Academic Press",
    year      = "2008",
    edition   = "third",
    month     = "mar"
}
@book{birss,
    author    = "Robert R. Birss",
    title     = "Symmetry and Magnetism",
    publisher = "North-Holland Pub. Co.",
    year      = "1964",
}
@book{jackson,
  address = {New York, {NY}},
  author = {Jackson, John David},
  edition = {3rd ed.},
  isbn = {9780471309321},
  publisher = {Wiley},
  title = {Classical electrodynamics},
  year = 1999
}
